<?xml version="1.0" encoding="UTF-8"?><collection xmlns="http://www.loc.gov/MARC21/slim"><record><leader>00433nam--2200133-i-4500</leader><controlfield tag="001">000001069</controlfield><controlfield tag="002">20161230</controlfield><controlfield tag="005">20161230201024</controlfield><controlfield tag="008">060222s1000------------r-----000-0-eng-d</controlfield><datafield ind1=" " ind2=" " tag="080"><subfield code="a">621.375.826(043)</subfield></datafield><datafield ind1=" " ind2=" " tag="100"><subfield code="a">Hermann, Claudine</subfield></datafield><datafield ind1=" " ind2=" " tag="245"><subfield code="a">Pompage optique dans l antimoniure de gallium: detection optique de la resonance electronique these</subfield></datafield><datafield ind1=" " ind2=" " tag="260"><subfield code="a">Paris, L Universite Pierre Et Marie Curie Paris 6, 1974. 158 P</subfield></datafield><datafield ind1=" " ind2=" " tag="852"><subfield code="a">44152</subfield></datafield></record></collection>